<?xml version="1.0" encoding="UTF-8"?><collection xmlns="http://www.loc.gov/MARC21/slim"><record><leader>00341nam--2200121-i-4500</leader><controlfield tag="001">000022391</controlfield><controlfield tag="002">20161230</controlfield><controlfield tag="005">20161230201034</controlfield><controlfield tag="008">060222s1000------------r-----000-0-eng-d</controlfield><datafield ind1=" " ind2=" " tag="100"><subfield code="a">Hecker, Herbert, C</subfield></datafield><datafield ind1=" " ind2=" " tag="245"><subfield code="a">The nuclear design of the cvtr core</subfield></datafield><datafield ind1=" " ind2=" " tag="260"><subfield code="a">Pittsburg, Penn., Westinghouse Electdric Corp., 1962, Viii + 137 P</subfield></datafield><datafield ind1=" " ind2=" " tag="852"><subfield code="a">21563</subfield></datafield></record></collection>